@article{carlini2017towards,
Author = {Nicholas Carlini and David Wagner},
Title = {Towards Evaluating the Robustness of Neural Networks},
Journal = {IEEE Symposium on Security \& Privacy, 2017},
Eprint = {arXiv:1608.04644},
}

@article{papernot2016cleverhans,
  title={cleverhans v1.0.0: an adversarial machine learning library},
  author={Papernot, Nicolas and Goodfellow, Ian and Sheatsley, Ryan and Feinman, Reuben and McDaniel, Patrick},
  journal={arXiv preprint arXiv:1610.00768},
  year={2016}
}


@inproceedings{tramer2016stealing,
  title={Stealing Machine Learning Models via Prediction {API}s.},
  author={Tram{\`e}r, Florian and Zhang, Fan and Juels, Ari and Reiter, Michael K and Ristenpart, Thomas},
  booktitle={{USENIX} {S}ecurity {S}ymposium},
  pages={601--618},
  year={2016}
}

@article{goodfellow6572explaining,
  title={Explaining and harnessing adversarial examples (2014)},
  author={Goodfellow, Ian J and Shlens, Jonathon and Szegedy, Christian},
  journal={arXiv preprint arXiv:1412.6572}
}

@article{szegedy2013intriguing,
  title={Intriguing properties of neural networks},
  author={Szegedy, Christian and Zaremba, Wojciech and Sutskever, Ilya and Bruna, Joan and Erhan, Dumitru and Goodfellow, Ian and Fergus, Rob},
  journal={arXiv preprint arXiv:1312.6199},
  year={2013}
}

@inproceedings{eykholt2018robust,
  title={Robust Physical-World Attacks on Deep Learning Visual Classification},
  author={Eykholt, Kevin and Evtimov, Ivan and Fernandes, Earlence and Li, Bo and Rahmati, Amir and Xiao, Chaowei and Prakash, Atul and Kohno, Tadayoshi and Song, Dawn},
  booktitle={Proceedings of the IEEE Conference on Computer Vision and Pattern Recognition},
  pages={1625--1634},
  year={2018}
}

@inproceedings{papernot2016distillation,
  title={Distillation as a Defense to Adversarial Perturbations Against Deep Neural Networks},
  author={Papernot, Nicolas and McDaniel, Patrick and Wu, Xi and Jha, Somesh and Swami, Ananthram},
  booktitle={2016 IEEE Symposium on Security and Privacy, SP 2016},
  year={2016},
  organization={Institute of Electrical and Electronics Engineers Inc.}
}



@article{papernot2016transferability,
  title={Transferability in machine learning: from phenomena to black-box attacks using adversarial samples},
  author={Papernot, Nicolas and McDaniel, Patrick and Goodfellow, Ian},
  journal={arXiv preprint arXiv:1605.07277},
  year={2016}
}

@inproceedings{papernot2016limitations,
  title={The limitations of deep learning in adversarial settings},
  author={Papernot, Nicolas and McDaniel, Patrick and Jha, Somesh and Fredrikson, Matt and Celik, Z Berkay and Swami, Ananthram},
  booktitle={Security and Privacy (EuroS\&P), 2016 IEEE European Symposium on},
  pages={372--387},
  year={2016},
  organization={IEEE}
}

@inproceedings{papernot2017practical,
  title={Practical black-box attacks against machine learning},
  author={Papernot, Nicolas and McDaniel, Patrick and Goodfellow, Ian and Jha, Somesh and Celik, Z Berkay and Swami, Ananthram},
  booktitle={Proceedings of the 2017 ACM on Asia Conference on Computer and Communications Security},
  pages={506--519},
  year={2017},
  organization={ACM}

@online{rp2repo,
author = {},
title = {Robust\ Physical Perturbations},
date = {Aug 30, 2018},
url = {https://github.com/evtimovi/robust_physical_perturbations},
}
}